<?xml version="1.0" encoding="UTF-8"?><collection xmlns="http://www.loc.gov/MARC21/slim"><record><leader>00556nam--2200181-u-4500</leader><controlfield tag="001">000056794</controlfield><controlfield tag="002">20190711</controlfield><controlfield tag="005">20190711041829</controlfield><controlfield tag="008">190711s1000------------r-----000-0-eng-d</controlfield><datafield ind1=" " ind2=" " tag="040"><subfield code="a">IFIN-HH</subfield></datafield><datafield ind1=" " ind2=" " tag="041"><subfield code="a">eng</subfield></datafield><datafield ind1="1" ind2=" " tag="100"><subfield code="a">van den Donker, Menno Nicolaas</subfield></datafield><datafield ind1="1" ind2="0" tag="245"><subfield code="a">Plasma Deposition of Micricrystalline Silicon Solar Cells: Looking Beyond the Glass</subfield><subfield code="c">Menno Nicolaas van den Donker</subfield></datafield><datafield ind1=" " ind2=" " tag="260"><subfield code="a">Eindhoven</subfield><subfield code="b">Eindhoven Univ</subfield><subfield code="c">2006</subfield></datafield><datafield ind1=" " ind2=" " tag="300"><subfield code="a">III-VI+111 p</subfield></datafield><datafield ind1=" " ind2=" " tag="500"><subfield code="a">Donatie Gheorghe Dinescu</subfield></datafield><datafield ind1=" " ind2=" " tag="852"><subfield code="a">82742</subfield><subfield code="c">533.9</subfield></datafield><datafield ind1=" " ind2=" " tag="CAT"><subfield code="a">SYS</subfield><subfield code="c">20190711</subfield><subfield code="h">041829</subfield></datafield></record></collection>